<?xml version="1.0" encoding="UTF-8"?><collection xmlns="http://www.loc.gov/MARC21/slim"><record><leader>00388nam--2200109-i-4500</leader><controlfield tag="001">000025473</controlfield><controlfield tag="002">20161230</controlfield><controlfield tag="005">20161230201035</controlfield><controlfield tag="008">060222s1000------------r-----000-0-eng-d</controlfield><datafield ind1=" " ind2=" " tag="245"><subfield code="a">Journal des observations efectuees pendant la montee en puissance du reacteur br-2, sept.-oct.1963, par le service br-2</subfield></datafield><datafield ind1=" " ind2=" " tag="260"><subfield code="a">Bruxelles, Centre D`Etude De L`Energie Nucleaire, /F.A./, /P.Dif</subfield></datafield><datafield ind1=" " ind2=" " tag="852"><subfield code="a">20233</subfield></datafield></record></collection>